@article{edwards2004socialization,
  title={Socialization of boys and girls in natural contexts},
  author={Edwards, Carolyn Pope and Knoche, Lisa and Kumru, Asiye},
  journal={Encyclopedia of Sex and Gender: Men and Women in the World's Cultures Volume I: Topics and Cultures AK Volume II: Cultures LZ},
  pages={34--41},
  year={2004},
  publisher={Springer}
}
@article{petersen2018multi,
  title={Multi-institutional study of GRE scores as predictors of STEM PhD degree completion: GRE gets a low mark},
  author={Petersen, Sandra L and Erenrich, Evelyn S and Levine, Dovev L and Vigoreaux, Jim and Gile, Krista},
  journal={PloS one},
  volume={13},
  number={10},
  pages={e0206570},
  year={2018},
  publisher={Public Library of Science}
}
@article{fine1984racial,
  title={Racial Self-Identification: The Effects of Social History and Gender 1},
  author={Fine, Michelle and Bowers, Cheryl},
  journal={Journal of Applied Social Psychology},
  volume={14},
  number={2},
  pages={136--146},
  year={1984},
  publisher={Wiley Online Library}
}
@article{rudman2012status,
  title={Status incongruity and backlash effects: Defending the gender hierarchy motivates prejudice against female leaders},
  author={Rudman, Laurie A and Moss-Racusin, Corinne A and Phelan, Julie E and Nauts, Sanne},
  journal={Journal of Experimental Social Psychology},
  volume={48},
  number={1},
  pages={165--179},
  year={2012},
  publisher={Elsevier}
}
@article{betz2012my,
  title={My fair physicist? Feminine math and science role models demotivate young girls},
  author={Betz, Diana E and Sekaquaptewa, Denise},
  journal={Social psychological and personality science},
  volume={3},
  number={6},
  pages={738--746},
  year={2012},
  publisher={Sage Publications Sage CA: Los Angeles, CA}
}
@article{bornmann2007gender,
  title={Gender differences in grant peer review: A meta-analysis},
  author={Bornmann, Lutz and Mutz, R{\"u}diger and Daniel, Hans-Dieter},
  journal={Journal of Informetrics},
  volume={1},
  number={3},
  pages={226--238},
  year={2007},
  publisher={Elsevier}
}
@misc{rickard2015slower,
  title={The slower track: Women in the STEM professions survey report},
  author={Rickard, Kim and Crowther, Alex},
  year={2015},
  publisher={Professionals Australia, Melbourne, Victoria}
}
@article{west2013role,
  title={The role of gender in scholarly authorship},
  author={West, Jevin D and Jacquet, Jennifer and King, Molly M and Correll, Shelley J and Bergstrom, Carl T},
  journal={PloS one},
  volume={8},
  number={7},
  pages={e66212},
  year={2013},
  publisher={Public Library of Science}
}
@article{christine1997nepotism,
  title={Nepotism and sexism in peer-review},
  author={Christine, WENNER{\AA}S and Agnes, Wold},
  journal={Nature},
  volume={387},
  number={May},
  pages={341--343},
  year={1997}
}
@book{maccoby1999two,
  title={The two sexes: Growing up apart, coming together},
  author={Maccoby, Eleanor E},
  volume={4},
  year={1999},
  publisher={Harvard University Press}
}
@article{francis2010gender,
  title={Gender, toys and learning},
  author={Francis, Becky},
  journal={Oxford Review of Education},
  volume={36},
  number={3},
  pages={325--344},
  year={2010},
  publisher={Taylor \& Francis}
}
@article{rudman2012status,
  title={Status incongruity and backlash effects: Defending the gender hierarchy motivates prejudice against female leaders},
  author={Rudman, Laurie A and Moss-Racusin, Corinne A and Phelan, Julie E and Nauts, Sanne},
  journal={Journal of Experimental Social Psychology},
  volume={48},
  number={1},
  pages={165--179},
  year={2012},
  publisher={Elsevier}
}
@article{drew2011women,
  title={Where the women are: Biology},
  author={Drew, Christopher},
  journal={The New York Times},
  year={2011}
}
@article{rice2015perfectionism,
  title={Perfectionism and longitudinal patterns of stress for STEM majors: Implications for academic performance.},
  author={Rice, Kenneth G and Ray, Merideth E and Davis, Don E and DeBlaere, Cirleen and Ashby, Jeffrey S},
  journal={Journal of Counseling Psychology},
  volume={62},
  number={4},
  pages={718},
  year={2015},
  publisher={American Psychological Association}
}
@book{amott1996race,
  title={Race, gender, and work: A multi-cultural economic history of women in the United States},
  author={Amott, Teresa L and Matthaei, Julie A},
  year={1996},
  publisher={South End Press}
}
@article{casey2015longitudinal,
  title={A longitudinal analysis of early spatial skills compared to arithmetic and verbal skills as predictors of fifth-grade girls' math reasoning},
  author={Casey, Beth M and Pezaris, Elizabeth and Fineman, Bonnie and Pollock, Amanda and Demers, Lindsay and Dearing, Eric},
  journal={Learning and Individual Differences},
  volume={40},
  pages={90--100},
  year={2015},
  publisher={Elsevier}
}
@article{taylor2013think3d,
  title={Think3d!: Training spatial thinking fundamental to STEM education},
  author={Taylor, Holly A and Hutton, Allyson},
  journal={Cognition and Instruction},
  volume={31},
  number={4},
  pages={434--455},
  year={2013},
  publisher={Taylor \& Francis}
}
@misc{signorella1987children,
  title={Children's gender schemata},
  author={Signorella, ML and Lisben, L},
  year={1987},
  publisher={San Francisco: Jossey-Bass}
}
@online{KSmith,
author={Smith, Kerry},
title={Sexism: It starts at Childhood},
url={https://kerrysmith.atavist.com/sexism-it-starts-at-childhood},
year={2016},
urldate = {2016}
}
@article{BlackEco1,
author={Saunders, Pete},
title={Where African-American Incomes Are Rising -- And Where They're Not},
journal={Forbes},
year={2017},
url={https://www.forbes.com/sites/petesaunders1/2017/12/08/where-african-american-incomes-are-rising-and-where-theyre-not/}
}
@article{bal2004women,
  title={Women scientists in India: nowhere near the glass ceiling},
  author={Bal, Vineeta},
  journal={Economic and Political Weekly},
  pages={3647--3653},
  year={2004},
  publisher={JSTOR}
}
@online{TimesOfIndia,
author={{The Times of India}},
journal={The Times of India},
title={Only 14\% of Indian researchers are women; science seen as male profession},
year={2018}}
@article{stoet2019simplified,
  title={A simplified approach to measuring national gender inequality},
  author={Stoet, Gijsbert and Geary, David C},
  journal={PloS one},
  volume={14},
  number={1},
  pages={e0205349},
  year={2019},
  publisher={Public Library of Science}
}
@article{fralick2009middle,
  title={How middle schoolers draw engineers and scientists},
  author={Fralick, Bethany and Kearn, Jennifer and Thompson, Stephen and Lyons, Jed},
  journal={Journal of Science Education and Technology},
  volume={18},
  number={1},
  pages={60--73},
  year={2009},
  publisher={Springer}
}
@article{else2013math,
  title={Math and science attitudes and achievement at the intersection of gender and ethnicity},
  author={Else-Quest, Nicole M and Mineo, Concetta C and Higgins, Ashley},
  journal={Psychology of Women Quarterly},
  volume={37},
  number={3},
  pages={293--309},
  year={2013},
  publisher={Sage Publications Sage CA: Los Angeles, CA}
}
@online{BlackEco2,
author={Lofquist, D and  Lugaila, T and O’Connell, M. and Feliz S.},
year={2012},
journal={{United States Census Bureau}},
url={https://www.census.gov/prod/cen2010/briefs/c2010br-14.pdf}}
@online{BlackIncome,
author={{Black Demographics}},
url={https://blackdemographics.com/households/african-american-income/},
year ={2019}
}
@online{BlackFam,
author={{Pew Research Center}},
journal={{American Community Survey}},
url={https://www.pewhispanic.org/ph_2015-03_statistical-portrait-of-hispanics-in-the-united-states-2013_current-40/},
year={2013}
}
@online{BlackHistory,
author={{U.S. Department of Education
Office for Civil Rights}},
title={Historically Black Colleges and Universities and Higher Education Desegregation},
year={1991},
url={https://www2.ed.gov/about/offices/list/ocr/docs/hq9511.html}}
@online{HigherEdBlack,
author={Harper, Caroline},
journal ={Higher Education Today},
url = {https://www.higheredtoday.org/2018/05/14/hbcus-black-women-stem-success/},
year={2018}
}
@online{DiversitySTEM,
author={UNCF},
url={https://www.uncf.org/the-latest/the-impact-of-hbcus-on-diversity-in-stem-fields},
year={2019}
}
@article{miller2019typical,
  title={Typical physics Ph. D. admissions criteria limit access to underrepresented groups but fail to predict doctoral completion},
  author={Miller, Casey W and Zwickl, Benjamin M and Posselt, Julie R and Silvestrini, Rachel T and Hodapp, Theodore},
  journal={Science advances},
  volume={5},
  number={1},
  pages={eaat7550},
  year={2019},
  publisher={American Association for the Advancement of Science}
}
@online{Sweden,
author={Wittung-Stafshede,Pernilla},
year={2016},
title ={Is the gender gap solved in liberal Sweden?},
url={https://www.stemwomen.net/is-the-gender-gap-solved-in-liberal-sweden/}
}
@book{hill2010so,
  title={Why so few? Women in science, technology, engineering, and mathematics.},
  author={Hill, Catherine and Corbett, Christianne and St Rose, Andresse},
  year={2010},
  publisher={ERIC}
}
@online{report02,
author={{National~Campaign~for~Jobs~and~Income~Support}}, 
title={Permanent Struggle, Temporary Solution: Contracting Out America},
year={2002}
}
@article{quinn2002sexual,
  title={Sexual harassment and masculinity: The power and meaning of “girl watching”},
  author={Quinn, Beth A},
  journal={Gender \& Society},
  volume={16},
  number={3},
  pages={386--402},
  year={2002},
  publisher={Sage Publications Thousand Oaks}
}
@article{settles2014women,
  title={Women in STEM: challenges and determinants of success and well-being},
  author={Settles, IH},
  journal={Psychol. Sci. Agenda},
  volume={28},
  year={2014}
}
@book{corbett2015solving,
  title={Solving the Equation: The Variables for Women's Success in Engineering and Computing},
  author={Corbett, Christianne and Hill, Catherine},
  year={2015},
  publisher={ERIC}
}
@article{anderson2013importance,
  title={The importance of international students to America},
  author={Anderson, Stuart},
  journal={National Foundation for American Policy Brief},
  pages={1--22},
  year={2013}
}
@article{grauerholz1999there,
  title={There's safety in numbers: creating a campus advisers' network to help complainants of sexual harassment and complaint receivers},
  author={Grauerholz, Liz and Gottfried, Heidi and Stohl, Cynthia and Gabin, Nancy},
  journal={Violence Against Women},
  volume={5},
  number={8},
  pages={950--977},
  year={1999},
  publisher={SAGE Periodicals Press Thousand Oaks}
}
@article{cvencek2011math,
  title={Math--gender stereotypes in elementary school children},
  author={Cvencek, Dario and Meltzoff, Andrew N and Greenwald, Anthony G},
  journal={Child development},
  volume={82},
  number={3},
  pages={766--779},
  year={2011},
  publisher={Wiley Online Library}
}
@article{frawley2008gender,
  title={Gender schema and prejudicial recall: How children misremember, fabricate, and distort gendered picture book information},
  author={Frawley, Timothy J},
  journal={Journal of Research in Childhood Education},
  volume={22},
  number={3},
  pages={291--303},
  year={2008},
  publisher={Taylor \& Francis}
}
@article{witt2010self,
  title={Self-regulation of gendered behavior in everyday life},
  author={Witt, Melissa Guerrero and Wood, Wendy},
  journal={Sex Roles},
  volume={62},
  number={9-10},
  pages={635--646},
  year={2010},
  publisher={Springer}
}
@article{caldwell2018hairdressing,
  title={Hairdressing in space: Depiction of gender in science books for children},
  author={Caldwell, Elizabeth F and Wilbraham, Susan Jane},
  journal={Journal of Science \& Popular Culture},
  volume={1},
  number={2},
  pages={101--118},
  year={2018},
  publisher={Intellect}
}
@article{barrs2000gendered,
  title={Gendered literacy?},
  author={Barrs, Myra},
  journal={Language Arts},
  volume={77},
  number={4},
  pages={287--293},
  year={2000},
  publisher={JSTOR}
}
@article{page2007making,
  title={Making the difference: Applying a logic of diversity},
  author={Page, Scott E},
  journal={Academy of Management Perspectives},
  volume={21},
  number={4},
  pages={6--20},
  year={2007},
  publisher={Academy of Management Briarcliff Manor, NY 10510}
}
@Article{Cools2017,
author="Cools, Sara
and Markussen, Simen
and Str{\o}m, Marte",
title="Children and Careers: How Family Size Affects Parents' Labor Market Outcomes in the Long Run",
journal="Demography",
year="2017",
month="Oct",
day="01",
volume="54",
number="5",
pages="1773--1793",
issn="1533-7790",
doi="10.1007/s13524-017-0612-0",
url="https://doi.org/10.1007/s13524-017-0612-0"
}

@article{mason2004marriage,
  title={Marriage and baby blues: Redefining gender equity in the academy},
  author={Mason, Mary Ann and Goulden, Marc},
  journal={The Annals of the American Academy of Political and Social Science},
  volume={596},
  number={1},
  pages={86--103},
  year={2004},
  publisher={Sage Publications Sage CA: Thousand Oaks, CA}
}
@book{national2018sexual,
  title={Sexual harassment of women: climate, culture, and consequences in academic sciences, engineering, and medicine},
  author={National Academies of Sciences, Engineering, and Medicine and others},
  year={2018},
  publisher={National Academies Press}
}
@article{rangel2018factors,
  title={Factors Associated With Residency and Career Dissatisfaction in Childbearing Surgical Residents},
  author={Rangel, Erika L and Lyu, Heather and Haider, Adil H and Castillo-Angeles, Manuel and Doherty, Gerard M and Smink, Douglas S},
  journal={JAMA surgery},
  year={2018}
}
@article{hyde1995maternity,
  title={Maternity leave and women's mental health},
  author={Hyde, Janet Shibley and Klein, Marjorie H and Essex, Marilyn J and Clark, Roseanne},
  journal={Psychology of Women Quarterly},
  volume={19},
  number={2},
  pages={257--285},
  year={1995},
  publisher={SAGE Publications Sage CA: Los Angeles, CA}
}
@online{MITpress,
author = {{Massachusetts Institute of Technology}},
title = {Closing the Gender Gap in Mechanical Engineering},
url={http://news.mit.edu/2017/closing-the-gender-gap-in-mit-mechanical-engineering-0731},
year = {2017},
urldate = {2018-07-30}
} 
@online{She2018,
author={{European Commission}},
title={She Figures 2018},
url={https://ec.europa.eu/info/publications/she-figures-2018_en},
year = {2018}
}
@online{Guardian,
author={Bates, Laura},
journal={The Guardian},
year={2013},
url={https://www.theguardian.com/lifeandstyle/womens-blog/2013/oct/17/women-in-science-ada-lovelace-gender}
}
@article{helble2017our,
  title={OUR STRATEGY TO CLOSE THE GENDER GAP},
  author={Helble, Joseph J},
  journal={ASEE Prism},
  volume={26},
  number={6},
  pages={60},
  year={2017},
  publisher={American Society for Engineering Education}
}
@article{loftus2015piercing,
  title={Piercing the 20 Percent Ceiling},
  author={Loftus, Margaret},
  journal={ASEE Prism},
  volume={24},
  number={6},
  pages={30},
  year={2015},
  publisher={American Society for Engineering Education}
}
@article{mcneil2016lady,
  title={This Lady Scientist Defined the Greenhouse Effect But Didn’t Get the Credit, Because Sexism},
  author={McNeil, Leila},
  journal={Smithsonian Magazine},
  year={2016}
}
@book{organisation2015abc,
  title={The ABC of gender equality in education: Aptitude, behaviour, confidence},
  author={{Organisation for Economic Co-operation and Development}},
  year={2015},
  publisher={OECD Publishing}
}
@article{pollack2013there,
  title={Why are there still so few women in science?},
  author={Pollack, Eileen},
  journal={The New York Times Magazine},
  volume={3},
  year={2013}
}
@article{schubert2017gender,
  title={Gender Monitoring 2017/18},
  author={Schubert, Renate and Storjohann, Romila},
  journal={ETH Zurich. Equal! Office of Equal Opportunities for Women and Men},
  year={2017}
}
@book{hine1997hine,
  title={Hine sight: Black women and the re-construction of American history},
  author={Hine, Darlene Clark},
  year={1997},
  publisher={Indiana University Press}
}
@article{cuyjet1997african,
  title={African American men on college campuses: Their needs and their perceptions},
  author={Cuyjet, Michael J},
  journal={New Directions for Student Services},
  volume={1997},
  number={80},
  pages={5--16},
  year={1997},
  publisher={Wiley Online Library}
}
@book{white2013black,
  title={Black man emerging: Facing the past and seizing a future in America},
  author={White, Joseph L and Cones III, James H},
  year={2013},
  publisher={Routledge}
}
@online{GenderDiversityMIT,
author={Huang, L. and Qian E. and Willcox K.},
title={Gender diversity: the past two decades at the Massachusetts Institute of Technology},
url={http://kiwi.mit.edu/mit-gender-diversity},
year = {2017},
urldate = {2018-07-30}
}
@online{WTPMIT,
author={Women's Technology Program},
journal={Massachusetts Institute of Technology},
url={http://wtp.mit.edu/},
urldate = {2018-07-30}
}

@online{ForeignBorn,
author = {{American Immigration Council}},
url = {https://www.americanimmigrationcouncil.org/research/foreign-born-stem-workers-united-states},
year = {2015},
urldate = {2018-07-30}
}
@article{xugetting,
  title={Getting to Gender Parity in a Top-Tier Mechanical Engineering Department: A Case Study},
  author={Xu, Ms Kath and Wendell, Dawn and Walsh, Andrea S},
  journal={American Society for Engineering Education},
  year = {2017}
}
@online{WTP,
url = {http://wtp.mit.edu/},
urldate = {2018-07-30}
} 
@book{committee2007beyond,
  title={Beyond bias and barriers: Fulfilling the potential of women in academic science and engineering},
  author={Committee on Maximizing the Potential of Women in Academic Science and Engineering (US)},
  year={2007},
  publisher={National Academies Press Washington, DC}
}
@article{huyer2015gender,
  title={Is the gender gap narrowing in science and engineering},
  author={Huyer, Sophia},
  journal={UNESCO science report: towards 2030},
  pages={85},
  year={2015},
  publisher={UNESCO Publishing}
}
@article{Yardi,
author={Yardi, P and Marathe, M and Toyoma, K},
title={Differences in STEM Gender Disparity Between India and the United States},
journal={Human-Computer Interaction across borders},
year = {2017}
}
@online{Eurostat,
url={http://ec.europa.eu/eurostat/web/products-eurostat-news/-/EDN-20170426-1},
title={Girls and women under-represented in ICT},
author={European Commission},
year={2017}
}
@article{hesketh2011consequences,
  title={The consequences of son preference and sex-selective abortion in China and other Asian countries},
  author={Hesketh, Therese and Lu, Li and Xing, Zhu Wei},
  journal={Canadian Medical Association Journal},
  volume={183},
  number={12},
  pages={1374--1377},
  year={2011},
  publisher={Can Med Assoc}
}
@online{YouthIndia,
author={{Central Statistics Office, Government of India}},
url={http://mospi.nic.in/sites/default/files/publication_reports/Youth_in_India-2017.pdf},
title={Youth in India},
journal={Government of India},
year={2017}
}
@article{brands2017leaning,
  title={Leaning out: How negative recruitment experiences shape women’s decisions to compete for executive roles},
  author={Brands, Raina A and Fernandez-Mateo, Isabel},
  journal={Administrative Science Quarterly},
  volume={62},
  number={3},
  pages={405--442},
  year={2017},
  publisher={SAGE Publications Sage CA: Los Angeles, CA}
}
@article{hewlett2008athena,
  title={The Athena factor: Reversing the brain drain in science, engineering, and technology},
  author={Hewlett, Sylvia Ann and Luce, Carolyn Buck and Servon, Lisa J and Sherbin, Laura and Shiller, Peggy and Sosnovich, Eytan and Sumberg, Karen},
  journal={Harvard Business Review Research Report},
  volume={10094},
  pages={1--100},
  year={2008},
  publisher={Harvard Business Publishing}
}
@online{STEMDegreesByCountry,
title={The global race for STEM skills},
author={Katsomitros, Alex},
year={2013},
url={http://www.obhe.ac.uk/newsletters/borderless_report_january_2013/global_race_for_stem_skills},
}
@article{womenPatents,
title={Women in Innovation: Gaining Ground, but Still Far Behind},
author={Stembridge, Bob},
url={https://blogs.scientificamerican.com/voices/women-in-innovation-gaining-ground-but-still-far-behind/},
journal={Scientific American},
year ={2018}
}
@online{highschoolNumbers,
author={Jones, Carolyn},
url={https://edsource.org/2017/girls-now-outnumber-boys-in-high-school-stem-but-still-lag-in-college-and-career/578444},
year={2017}
}
@online{Wes,
author={{Wellesley College Fact Book}},
url={https://www.wellesley.edu/oir/factbook17/fall-enrollment-by-declared-major},
year={2017}
}
@article{seymour2015grads,
  title={Grads of historically black colleges have well-being edge},
  author={Seymour, Sean and Ray, Julie},
  journal={Gallup. com. Gallup},
  volume={27},
  year={2015}
}
@article{Mileva,
title={The Forgotten Life of Einstein's First Wife},
author={Gagnon, Pauline},
url ={https://blogs.scientificamerican.com/guest-blog/the-forgotten-life-of-einsteins-first-wife/},
journal={Scientific American},
year={2016}
}
@article{bian2017gender,
  title={Gender stereotypes about intellectual ability emerge early and influence children’s interests},
  author={Bian, Lin and Leslie, Sarah-Jane and Cimpian, Andrei},
  journal={Science},
  volume={355},
  number={6323},
  pages={389--391},
  year={2017},
  publisher={American Association for the Advancement of Science}
}
@article{ivie2013women,
  title={Women among physics and astronomy faculty: Results from the 2010 survey of physics degree-granting departments},
  author={Ivie, R and White, S and Garrett, A and Anderson, G},
  journal={American Institute of Physics, http://www. aip. org/statistics/reports/women-among-physics-astronomy-faculty},
  year={2013}
}
@article{2018Report,
title={Sexual Harassment of Women: Climate, Culture and Consequences in Academic Sciences, Engineering
and Medicine},
author={Johnson, Paula and Widnall, Sheila E and Benya, Frazier F.},
journal={A Consensus Study Report of The National Academies of Sciences, Engineering and Medicine},
publisher={The National Academic Press},
year = {2018}
}
@article{ericson2013detailed,
  title={Detailed AP CS 2013 Results: Unfortunately, much the same},
  author={Ericson, Barbara},
  journal={Exploring Computer},
  year={2013}
}
@article{simms2014educational,
  title={Educational Outcomes at Historically Black Colleges and Universities: Eclectic or Cohesive?},
  author={Simms, Kathryn},
  journal={SAGE Open},
  volume={4},
  number={2},
  pages={2158244014530131},
  year={2014},
  publisher={SAGE Publications Sage CA: Los Angeles, CA}
}
@article{archer2012balancing,
  title={“Balancing acts'': Elementary school girls' negotiations of femininity, achievement, and science},
  author={Archer, Louise and DeWitt, Jennifer and Osborne, Jonathan and Dillon, Justin and Willis, Beatrice and Wong, Billy},
  journal={Science Education},
  volume={96},
  number={6},
  pages={967--989},
  year={2012},
  publisher={Wiley Online Library}
}
@article{bian2018messages,
  title={Messages about brilliance undermine women's interest in educational and professional opportunities},
  author={Bian, Lin and Leslie, Sarah-Jane and Murphy, Mary C and Cimpian, Andrei},
  journal={Journal of Experimental Social Psychology},
  volume={76},
  pages={404--420},
  year={2018},
  publisher={Elsevier}
}
@article{reid2012women,
  title={WOMEN'S COLLEGES, HBCUS HAVE NURTURED THE BEST AND THE BRIGHTEST},
  author={Reid, Pamela Trotman},
  journal={Diverse Issues in Higher Education},
  volume={29},
  number={2},
  pages={25},
  year={2012},
  publisher={Cox, Matthews \& Associates, Inc.}
}
@article{larson2014too,
  title={Too many PhD graduates or too few academic job openings: the basic reproductive number R0 in academia},
  author={Larson, Richard C and Ghaffarzadegan, Navid and Xue, Yi},
  journal={Systems research and behavioral science},
  volume={31},
  number={6},
  pages={745--750},
  year={2014},
  publisher={Wiley Online Library}
}
@article{teare20172017,
  title={In 2017, Only 17\% of Startups Have A Female Founder},
  author={Teare, Gen{\'e}},
  journal={TechCrunch (April 19, 2017)},
  year={2017}
}
@online{NGC,
title={NGC Project},
author={{National Girls Collaborative Project}},
url={https://ngcproject.org/statistics},
year={2016}
}
@article{lynch2016sexy,
  title={Sexy, strong, and secondary: A content analysis of female characters in video games across 31 years},
  author={Lynch, Teresa and Tompkins, Jessica E and van Driel, Irene I and Fritz, Niki},
  journal={Journal of Communication},
  volume={66},
  number={4},
  pages={564--584},
  year={2016},
  publisher={Oxford University Press}
}
@online{apsData,
  author = {{American Physical Society}},
  title = {{American Physical Society} Statistics},
  year = {2015},
  url = {https://www.aps.org/programs/women/resources/statistics.cfm},
  urldate = {2018-07-30}
}
@online{WiredIndiaFaculty,
author={{Wired}},
title={A Step Forward to Address the Gender Gap in Indian Science},
url={https://thewire.in/women/gender-in-physics-working-group-a-step-forward-to-address-the-gender-gap-in-indian-science},
year ={2018}
}
@online{EYH,
author={{Cornell University}},
title={Expanding Your Horizons},
url={https://www.eyh.cornell.edu/},
year={2018}
}
@article{ruhm2000parental,
  title={Parental leave and child health},
  author={Ruhm, Christopher J},
  journal={Journal of health economics},
  volume={19},
  number={6},
  pages={931--960},
  year={2000},
  publisher={Elsevier}
}
@article{escueta2013women,
  title={Women in Engineering: A comparative study of barriers across Nations},
  author={Escueta, Maya and Saxena, Tushar and Aggarwal, Varun},
  journal={Aspiring Minds. Retrieved March},
  volume={2},
  pages={2015},
  year={2013}
}
@article{guterl2014diversity,
  title={Diversity in science: Where are the data},
  author={Guterl, Fred},
  journal={Scientific American},
  year={2014}
}
@online{AstroFest,
author={{Pennsylvania State University}},
url={http://astro.psu.edu/astrofest/},
year={2018}
}
@article{penner2015gender,
  title={Gender inequality in science},
  author={Penner, Andrew M},
  journal={Science},
  volume={347},
  number={6219},
  pages={234--235},
  year={2015},
  publisher={American Association for the Advancement of Science}
}
@article{leslie2015expectations,
  title={Expectations of brilliance underlie gender distributions across academic disciplines},
  author={Leslie, Sarah-Jane and Cimpian, Andrei and Meyer, Meredith and Freeland, Edward},
  journal={Science},
  volume={347},
  number={6219},
  pages={262--265},
  year={2015},
  publisher={American Association for the Advancement of Science}
}
@online{womenSTEM,
title={Women in STEM: 2017 Update},
author={{United States Economics \& Statistics Administration}},
url={http://www.esa.doc.gov/reports/women-stem-2017-update},
year={2017}
}
@article{ripin1996fighting,
  title={Fighting the Gender Gap: Standardized Tests Are Poor Indicators of Ability in Physics},
  author={Ripin, Barrett H},
  journal={American Physical Society News},
  volume={5},
  pages={7},
  year={1996}
}
@article{ceron1996risk,
  title={The risk of prematurity and small-for-gestational-age birth in Mexico City: the effects of working conditions and antenatal leave.},
  author={Cer{\'o}n-Mireles, Prudencia and Harlow, Sioban D and Sanchez-Carrillo, Constanza I},
  journal={American Journal of Public Health},
  volume={86},
  number={6},
  pages={825--831},
  year={1996},
  publisher={American Public Health Association}
}
@article{schwartz2002factors,
  title={Factors associated with weaning in the first 3 months postpartum.},
  author={Schwartz, Kendra and D'arcy, HJ and Gillespie, Brenda and Bobo, Janet and Longeway, Marylou and Foxman, Betsy},
  journal={The Journal of family practice},
  volume={51},
  number={5},
  pages={439--444},
  year={2002}
}
@techreport{huerta2013fathers,
  title={Fathers' leave, fathers' involvement and child development: Are they related? Evidence from four OECD countries},
  author={Huerta, Maria Del Carmen and Adema, Willem and Baxter, Jennifer and Han, Wen-Jui and Lausten, Mette and Lee, RaeHyuck and Waldfogel, Jane},
  year={2013},
  institution={OECD Publishing}
}
@article{berger2005maternity,
  title={Maternity leave, early maternal employment and child health and development in the US},
  author={Berger, Lawrence M and Hill, Jennifer and Waldfogel, Jane},
  journal={The Economic Journal},
  volume={115},
  number={501},
  pages={F29--F47},
  year={2005},
  publisher={Wiley Online Library}
}
@article{carneiro2015flying,
  title={A flying start? Maternity leave benefits and long-run outcomes of children},
  author={Carneiro, Pedro and L{\o}ken, Katrine V and Salvanes, Kjell G},
  journal={Journal of Political Economy},
  volume={123},
  number={2},
  pages={365--412},
  year={2015},
  publisher={University of Chicago Press Chicago, IL}
}
@article{eidelman2012breastfeeding,
  title={Breastfeeding and the use of human milk: an analysis of the American Academy of Pediatrics 2012 Breastfeeding Policy Statement},
  author={Eidelman, Arthur I},
  journal={Breastfeeding medicine},
  volume={7},
  number={5},
  pages={323--324},
  year={2012},
  publisher={Mary Ann Liebert, Inc. 140 Huguenot Street, 3rd Floor New Rochelle, NY 10801 USA}
}
@article{baker2008maternal,
  title={Maternal employment, breastfeeding, and health: Evidence from maternity leave mandates},
  author={Baker, Michael and Milligan, Kevin},
  journal={Journal of health economics},
  volume={27},
  number={4},
  pages={871--887},
  year={2008},
  publisher={Elsevier}
}
@article{huang2015paid,
  title={Paid maternity leave and breastfeeding practice before and after California's implementation of the nation's first paid family leave program},
  author={Huang, Rui and Yang, Muzhe},
  journal={Economics \& Human Biology},
  volume={16},
  pages={45--59},
  year={2015},
  publisher={Elsevier}
}
@article{del2012intrafamily,
  title={Intrafamily resource allocations: a dynamic structural model of birth weight},
  author={Del Bono, Emilia and Ermisch, John and Francesconi, Marco},
  journal={Journal of Labor Economics},
  volume={30},
  number={3},
  pages={657--706},
  year={2012},
  publisher={University of Chicago Press Chicago, IL}
}
@online{MHC,
title={Mount Holyoke College Data},
author={{Mount Holyoke College Data}},
url={www.mtholyoke.edu/},
year={2018}
}
@article{miller2014test,
  title={A test that fails},
  author={Miller, Casey and Stassun, Keivan},
  journal={Nature},
  volume={510},
  number={7504},
  pages={303--304},
  year={2014},
  publisher={Nature Research}
}
@online{SheNumbers,
title={She Figures},
author={{European Platform of Women Scientists}},
url={https://epws.org/figures-2015-now-available-print/},
year={2015}
}
@article{shutts2017early,
  title={Early preschool environments and gender: Effects of gender pedagogy in Sweden},
  author={Shutts, Kristin and Kenward, Ben and Falk, Helena and Ivegran, Anna and Fawcett, Christine},
  journal={Journal of experimental child psychology},
  volume={162},
  pages={1--17},
  year={2017},
  publisher={Elsevier}
}
@online{India2017,
  author = {{All India Survey on Higher Education}},
  year = {2017},
 url={http://aishe.nic.in/aishe/viewDocument.action?documentId=239},
  urldate = {2018-07-30}
}
@online{EUStats,
  author = {{EuroStat}},
  year = {2017},
 url={http://ec.europa.eu/eurostat/web/products-eurostat-news/-/EDN-20170426-1},
  urldate = {2018-07-30}
}
@article{rindfuss1996women,
  title={Women, work, and children: Behavioral and attitudinal change in the United States},
  author={Rindfuss, Ronald R and Brewster, Karin L and Kavee, Andrew L},
  journal={Population and Development Review},
  pages={457--482},
  year={1996},
  publisher={JSTOR}
}
@article{hamilton2006gender,
  title={Gender stereotyping and under-representation of female characters in 200 popular children’s picture books: A twenty-first century update},
  author={Hamilton, Mykol C and Anderson, David and Broaddus, Michelle and Young, Kate},
  journal={Sex Roles},
  volume={55},
  number={11-12},
  pages={757--765},
  year={2006},
  publisher={Springer}
}
@article{bleakley2012trends,
  title={Trends of sexual and violent content by gender in top-grossing US films, 1950--2006},
  author={Bleakley, Amy and Jamieson, Patrick E and Romer, Daniel},
  journal={Journal of Adolescent Health},
  volume={51},
  number={1},
  pages={73--79},
  year={2012},
  publisher={Elsevier}
}
@article{downs2010keeping,
  title={Keeping abreast of hypersexuality: A video game character content analysis},
  author={Downs, Edward and Smith, Stacy L},
  journal={Sex roles},
  volume={62},
  number={11-12},
  pages={721--733},
  year={2010},
  publisher={Springer}
}
@article{graff2012too,
  title={Too sexualized to be taken seriously? Perceptions of a girl in childlike vs. sexualizing clothing},
  author={Graff, Kaitlin and Murnen, Sarah K and Smolak, Linda},
  journal={Sex roles},
  volume={66},
  number={11-12},
  pages={764--775},
  year={2012},
  publisher={Springer}
}
@article{evans2018evidence,
  title={Evidence for a mental health crisis in graduate education},
  author={Evans, Teresa M and Bira, Lindsay and Gastelum, Jazmin Beltran and Weiss, L Todd and Vanderford, Nathan L},
  journal={Nature biotechnology},
  volume={36},
  number={3},
  pages={282},
  year={2018},
  publisher={Nature Publishing Group}
}
@online{techcompanies,
author={Richter, Felix},
url={https://www.statista.com/chart/4467/female-employees-at-tech-companies/},
year={2018}
}
@article{nager2016demographics,
  title={The demographics of innovation in the United States},
  author={Nager, Adams and Hart, David and Ezell, Stephen and Atkinson, Robert},
  year={2016}
}
@article{banzuzi2013women,
  title={Women in physics in Finland},
  author={Banzuzi, Kukka},
  booktitle={AIP Conference Proceedings},
  volume={1517},
  number={1},
  pages={102--103},
  year={2013},
  organization={AIP}
}
@online{FinlandStats,
author={{Statistics Finland}},
url={https://www.stat.fi/tup/tasaarvo/education/index_en.html#segregation},
year={2018}
}
@article{stoet2018gender,
  title={The gender-equality paradox in science, technology, engineering, and mathematics education},
  author={Stoet, Gijsbert and Geary, David C},
  journal={Psychological science},
  volume={29},
  number={4},
  pages={581--593},
  year={2018},
  publisher={SAGE Publications Sage CA: Los Angeles, CA}
}
@article{raag1999influences,
  title={Influences of social expectations of gender, gender stereotypes, and situational constraints on children's toy choices},
  author={Raag, Tarja},
  journal={Sex Roles},
  volume={41},
  number={11-12},
  pages={809--831},
  year={1999},
  publisher={Springer}
}
